% This file was created with JabRef 2.9b2.
% Encoding: UTF-8

@BOOK{allen1989computer,
  author = {Allen, M. P. and Tildesley, D. J.},
  title = {Computer Simulation of Liquids},
  year = {1989},
  date = {1989},
  publisher = {Clarendon Press},
  isbn = {0198556454},
  owner = {fsund},
  quality = {1},
  timestamp = {2014.03.08}
}

@BOOK{feder1988fractals,
  author = {Feder, J.},
  title = {Fractals},
  year = {1988},
  date = {1988},
  series = {Physics of Solids and Liquids},
  publisher = {Springer},
  isbn = {9780306428517},
  url = {http://books.google.no/books?id=\_2lhQgAACAAJ},
  lccn = {87031447}
}

@BOOK{frenkel2001understanding,
  author = {Frenkel, Daan and Smit, Berend},
  title = {Understanding Molecular Simulation},
  year = {2001},
  date = {2001},
  edition = {2nd},
  publisher = {Academic Press, Inc.},
  isbn = {0122673514},
  address = {Orlando, FL, USA}
}

@ARTICLE{hurst1951longterm,
  author = {H. E. Hurst},
  title = {Long-term Storage Capacity of Reservoirs},
  journaltitle = {American Society of Civil Engineers},
  year = {1951},
  date = {1951},
  volume = {116},
  pages = {770-808},
  journal = {American Society of Civil Engineers},
  owner = {fsund},
  quality = {1},
  timestamp = {2014.03.11}
}

@BOOK{hurst1965longterm,
  author = {H. E. Hurst and R. P. Black and Y. M. Simaika},
  title = {Long-Term Storage: An Experimental Study},
  year = {1965},
  date = {1965},
  publisher = {Constable},
  owner = {fsund},
  quality = {1},
  timestamp = {2014.03.11}
}

@ARTICLE{mandelbrot1982comment,
  author = {Benoit B. Mandelbrot},
  title = {Technical Correspondence: Comment on Computer Rendering of Fractal
	Stochastic Models},
  journaltitle = {Communications of the ACM},
  year = {1982},
  date = {1982},
  volume = {25},
  number = {8},
  month = aug,
  pages = {581--583},
  issn = {0001-0782},
  doi = {10.1145/358589.383446},
  url = {http://doi.acm.org/10.1145/358589.383446},
  acmid = {383446},
  address = {New York, NY, USA},
  issue_date = {Aug 1982},
  journal = {Communications of the ACM},
  numpages = {3},
  publisher = {ACM}
}

@INCOLLECTION{saupe1988algorithms,
  author = {Saupe, Dietmar},
  editor = {Peitgen, Heinz-Otto and Saupe, Dietmar},
  title = {Algorithms for Random Fractals},
  booktitle = {The Science of Fractal Images},
  year = {1988},
  date = {1988},
  publisher = {Springer-Verlag New York, Inc.},
  isbn = {0-387-96608-0},
  chapter = {2},
  pages = {71--113},
  url = {http://dl.acm.org/citation.cfm?id=61153.61156},
  acmid = {61156},
  address = {New York, NY, USA},
  numpages = {43}
}

@BOOK{thijssen1999computational,
  author = {Thijssen, J. M.},
  title = {Computational Physics},
  year = {1999},
  date = {1999},
  publisher = {Cambridge University Press},
  owner = {fsund},
  quality = {1},
  timestamp = {2014.03.17}
}

@INCOLLECTION{voss1985random,
  author = {Richard F. Voss},
  editor = {Rae A. Earnshaw},
  title = {Random Fractal Forgeries},
  booktitle = {Fundamental Algorithms for Computer Graphics},
  year = {1985},
  date = {1985},
  volume = {17},
  series = {F},
  note = {Proceedings of the NATO Advanced Study Institute on Fundamental Algorithms
	for Computer Graphics held at Likley, Yorkshire, England, March 30
	- April 12, 1985. See also \cite{voss1988fractals}.},
  publisher = {Springer-Verlag},
  chapter = {8},
  pages = {805-835},
  owner = {fsund},
  quality = {1},
  timestamp = {2014.01.08}
}

@INCOLLECTION{voss1988fractals,
  author = {Voss, Richard F.},
  editor = {Peitgen, Heinz-Otto and Saupe, Dietmar},
  title = {Fractals in nature: From characterization to simulation},
  booktitle = {The Science of Fractal Images},
  year = {1988},
  date = {1988},
  note = {See also \cite{voss1985random}.},
  publisher = {Springer-Verlag New York, Inc.},
  isbn = {0-387-96608-0},
  chapter = {1},
  pages = {21--70},
  url = {http://dl.acm.org/citation.cfm?id=61153.61155},
  acmid = {61155},
  address = {New York, NY, USA},
  numpages = {50}
}

