/home/fsund/Dropbox/Masteroppgave/Mendeley_BibTeX/Master.bib